% references.bib — расширённая библиография для biblatex-gost (ГОСТ Р 7.0.99-2018)
@article{codd1970,
  author       = {Codd, E. F.},
  title        = {A relational model of data for large shared data banks},
  journaltitle = {Communications of the ACM},
  year         = {1970},
  volume       = {13},
  number       = {6},
  pages        = {377--387},
  doi          = {10.1145/362384.362685},
  langid       = {english}
}

@book{date2003,
  author    = {Date, C. J.},
  title     = {An Introduction to Database Systems},
  edition   = {8},
  publisher = {Addison-Wesley},
  year      = {2003},
  langid    = {english}
}

@book{elmasri2016,
  author    = {Elmasri, R. and Navathe, S. B.},
  title     = {Fundamentals of Database Systems},
  edition   = {7},
  publisher = {Pearson},
  year      = {2016},
  langid    = {english}
}

@article{haerder1983,
  author    = {Haerder, T. and Reuter, A.},
  title     = {Principles of transaction-oriented database recovery},
  journaltitle = {ACM Computing Surveys},
  year      = {1983},
  volume    = {15},
  number    = {4},
  pages     = {287--317},
  doi       = {10.1145/289.291},
  langid    = {english}
}

@book{gray1993,
  author    = {Gray, J. and Reuter, A.},
  title     = {Transaction Processing: Concepts and Techniques},
  publisher = {Morgan Kaufmann},
  year      = {1993},
  langid    = {english}
}

@book{sadalage2012,
  author    = {Sadalage, P. J. and Fowler, M.},
  title     = {NoSQL Distilled: A Brief Guide to the Emerging World of Polyglot Persistence},
  publisher = {Addison-Wesley},
  year      = {2012},
  langid    = {english}
}

@inproceedings{ongaro2014,
  author    = {Ongaro, D. and Ousterhout, J.},
  title     = {In search of an understandable consensus algorithm (Raft)},
  booktitle = {USENIX Annual Technical Conference},
  year      = {2014},
  url       = {https://raft.github.io/raft.pdf},
  note      = {accessed 2025-10-29},
  langid    = {english}
}

@article{lamport1998,
  author    = {Lamport, L.},
  title     = {The Part-Time Parliament (Paxos)},
  journaltitle = {ACM Transactions on Computer Systems},
  year      = {1998},
  volume    = {16},
  number    = {2},
  pages     = {133--169},
  langid    = {english}
}

@inproceedings{corbett2012,
  author    = {Corbett, J. and others},
  title     = {Spanner: Google's globally-distributed database},
  booktitle = {Proceedings of OSDI 2012},
  year      = {2012},
  pages     = {261--264},
  url       = {https://static.googleusercontent.com/media/research.google.com/ru//archive/spanner-osdi2012.pdf},
  note      = {accessed 2025-10-29},
  langid    = {english}
}

@online{cockroach,
  author    = {{Cockroach Labs}},
  title     = {CockroachDB Documentation},
  year      = {2025},
  url       = {https://www.cockroachlabs.com/docs/},
  note      = {accessed 2025-10-29},
  langid    = {english}
}

@online{clickhouse_docs,
  author    = {{ClickHouse}},
  title     = {ClickHouse Documentation},
  year      = {2025},
  url       = {https://clickhouse.com/docs/},
  note      = {accessed 2025-10-29},
  langid    = {english}
}

@online{kafka,
  author    = {{Apache Kafka}},
  title     = {Apache Kafka Documentation},
  year      = {2025},
  url       = {https://kafka.apache.org/documentation/},
  note      = {accessed 2025-10-29},
  langid    = {english}
}

@online{debezium,
  author    = {{Debezium}},
  title     = {Debezium — Change Data Capture},
  year      = {2025},
  url       = {https://debezium.io/},
  note      = {accessed 2025-10-29},
  langid    = {english}
}

@online{gdpr,
  author    = {{European Union}},
  title     = {Regulation (EU) 2016/679 (General Data Protection Regulation)},
  year      = {2016},
  url       = {https://eur-lex.europa.eu/eli/reg/2016/679/oj},
  note      = {accessed 2025-10-29},
  langid    = {english}
}

@online{prometheus,
  author    = {{Prometheus Authors}},
  title     = {Prometheus: Monitoring system},
  year      = {2025},
  url       = {https://prometheus.io/},
  note      = {accessed 2025-10-29},
  langid    = {english}
}

@online{postgresql_docs,
  author    = {{PostgreSQL Global Development Group}},
  title     = {PostgreSQL Documentation},
  year      = {2025},
  url       = {https://www.postgresql.org/docs/},
  note      = {accessed 2025-10-29},
  langid    = {english}
}

@online{mongo_docs,
  author    = {{MongoDB Inc.}},
  title     = {MongoDB Manual},
  year      = {2025},
  url       = {https://docs.mongodb.com/},
  note      = {accessed 2025-10-29},
  langid    = {english}
}

@book{tpc,
  author    = {{Transaction Processing Performance Council}},
  title     = {TPC Benchmark Documentation (TPC-C, TPC-H)},
  year      = {2020},
  url       = {http://www.tpc.org/},
  note      = {accessed 2025-10-29},
  langid    = {english}
}
